<record><leader>00000cas a22000007a 4500</leader><controlfield tag="001">19462210</controlfield><controlfield tag="008">890327d19191952mouwr ne      0    0eng d</controlfield><datafield ind1=" " ind2=" " tag="010"><subfield code="a">sn 89066412 </subfield></datafield><datafield ind1=" " ind2=" " tag="040"><subfield code="a">MQN</subfield><subfield code="b">eng</subfield><subfield code="c">MQN</subfield><subfield code="d">OCLCQ</subfield></datafield><datafield ind1=" " ind2=" " tag="042"><subfield code="a">msc</subfield></datafield><datafield ind1="0" ind2="4" tag="245"><subfield code="a">The Star news-register.</subfield></datafield><datafield ind1=" " ind2=" " tag="260"><subfield code="a">Bonne Terre, St. Francois County, Mo. :</subfield><subfield code="b">Bonne Terre Star Pub. Co.,</subfield><subfield code="c">1919-1952.</subfield></datafield><datafield ind1=" " ind2=" " tag="300"><subfield code="a">v.</subfield></datafield><datafield ind1=" " ind2=" " tag="310"><subfield code="a">Weekly</subfield></datafield><datafield ind1="0" ind2=" " tag="362"><subfield code="a">Vol. 25, no. 48 (Dec. 5, 1919)-v. 68, no. 17 (Apr. 24, 1952).</subfield></datafield><datafield ind1=" " ind2=" " tag="752"><subfield code="a">United States</subfield><subfield code="b">Missouri</subfield><subfield code="c">Saint Francois</subfield><subfield code="d">Bonne Terre.</subfield></datafield><datafield ind1="0" ind2="0" tag="780"><subfield code="t">Bonne Terre star and the news-register</subfield><subfield code="w">(DLC)sn 89066413</subfield></datafield><datafield ind1="0" ind2="7" tag="785"><subfield code="t">Bonne Terre bulletin</subfield><subfield code="w">(DLC)sn 89066411</subfield></datafield><datafield ind1="0" ind2="7" tag="785"><subfield code="t">Bonne Terre register (Bonne Terre, Mo. : 1952)</subfield><subfield code="w">(DLC)sn 89066419</subfield></datafield></record>